@article{baker1991shallow,
  title={Shallow binding makes functional arrays fast},
  author={Baker, Henry G},
  journal={ACM Sigplan Notices},
  volume={26},
  number={8},
  pages={145--147},
  year={1991},
  publisher={ACM New York, NY, USA}
}

@article{armand2010extending,
  title={Extending Coq with imperative features and its application to SAT verification.},
  author={Armand, Micha{\"e}l and Gr{\'e}goire, Benjamin and Spiwack, Arnaud and Th{\'e}ry, Laurent},
  journal={ITP},
  volume={6172},
  pages={83--98},
  year={2010},
  publisher={Springer}
}

@inproceedings{conchon2007persistent,
  title={A persistent union-find data structure},
  author={Conchon, Sylvain and Filli{\^a}tre, Jean-Christophe},
  booktitle={Proceedings of the 2007 workshop on Workshop on ML},
  pages={37--46},
  year={2007}
}

